@misc{greenlab,
  Title                    = {{Green Lab: empirical software engineering for energy efficiency}},
  Author                   = {Ivano Malavolta},
  Year                     = {2018},
}

@book{wohlin12,
  Title                    = {{Experimentation in Software Engineering - An Introduction}},
  Author                   = {Wohlin, C. and Runeson, P. and {H\"ost}, M. and Ohlsson, M.C. and Regnell, B. and {Wessl\'en}, A.},
  Publisher                = {Kluwer Academic Publishers},
  Year                     = {2012},

  Date-added               = {2013-12-18 08:15:41 +0000},
  Date-modified            = {2013-12-18 08:19:35 +0000},
  Keywords                 = {empirical software engineering}
}



%References in introduction

@misc{Chromestats,
  title = {{Browser Market Share Worldwide}},
  howpublished = {\url{http://gs.statcounter.com/browser-market-share#monthly-201707-201707-map}},
  note = {Accessed: 2018-09-20},
  Author                   = {StatCounter Global Stats}
}

@misc{MobileMark,
  title = {{Mobile Marketing Statistics compilation}},
  howpublished = {\url{https://www.smartinsights.com/mobile-marketing/mobile-marketing-analytics/mobile-marketing-statistics/}},
  note = {Accessed: 2018-09-07},
  Author                   = {Dave Chaffey}
}

@misc{BatteryLife_survey, 
author={W. Oliveira and R. Oliveira and F. Castor}, 
booktitle={2017 IEEE/ACM 14th International Conference on Mining Software Repositories (MSR)}, 
title={A Study on the Energy Consumption of Android App Development Approaches}, 
year={2017}, 
volume={}, 
number={}, 
pages={42-52}, 
keywords={Android (operating system);C++ language;energy consumption;Java;mobile computing;energy consumption;Android app development;mobile devices;ubiquitous computing;JavaScript;C/C++;Java;Androids;Humanoid robots;Energy consumption;Benchmark testing;C++ languages;Performance evaluation;Hybrid apps;Benchmark testing;Performance;Energy consumption;Android;Smartphones}, 
doi={10.1109/MSR.2017.66}, 
ISSN={}, 
month={May},}

% References in definition
@misc{Basili:1992:SMM:137076,
 author = {Basili, Victor R.},
 title = {Software Modeling and Measurement: The Goal/Question/Metric Paradigm},
 year = {1992},
 source = {UMIACS TR-92-96},
 publisher = {University of Maryland at College Park},
 address = {College Park, MD, USA},
} 



@misc{App_statistics,
  title = {{Google Play application statistics}},
  howpublished = {\url{https://www.androidrank.org/}},
  note = {Accessed: 2018-09-20}
}

@misc{itworld,
  title = {{Twitter and Facebook are killing your phone battery}},
  howpublished = {\url{https://www.itworld.com/article/2833090}},
  note = {Accessed: 2018-09-11}
}

@misc{op2,
  title = {{OnePlus 2 - Technology}},
  howpublished = {\url{https://www.oneplus.com/2/technology}},
  note = {Accessed: 2018-10-04}
}

@misc{mobisoft2017,
  title = {{Assessing the Impact of Service Workers on the Energy Efficiency of Progressive Web Apps}},
  howpublished = {\url{https://www.researchgate.net/figure/Energy-consumption-of-the-PWAs-with-service-workers-on-and-off_fig1_318326808}},
  note = {Accessed: 2018-10-09},
  Author                   = {Ivano Malavolta}
}
@misc{androidrunner,
  title = {{Android Runner}},
  howpublished = {\url{https://github.com/S2-group/android-runner}},
  note = {Accessed: 2018-10-02}
}

@misc{batterystats,
  title = {{Batterystats}},
  howpublished = {\url{https://developer.android.com/studio/profile/battery-historian}},
  note = {Accessed: 2018-10-02}
}

@misc{adb,
  title = {{Android Debug Bridge}},
  howpublished = {\url{https://developer.android.com/studio/command-line/adb}},
  note = {Accessed: 2018-10-02}
}

@misc{monkeyrunner,
  title = {{MonkeyRunner}},
  howpublished = {\url{https://developer.android.com/studio/test/monkeyrunner/}},
  note = {Accessed: 2018-10-02}
}

@misc{trepn,
  title = {{Trepn Power Profiler}},
  howpublished = {\url{https://developer.qualcomm.com/software/trepn-power-profiler}},
  note = {Accessed: 2018-09-11}
}
@inproceedings{thiagarajan2012killed,
  title={Who killed my battery?: analyzing mobile browser energy consumption},
  author={Thiagarajan, Narendran and Aggarwal, Gaurav and Nicoara, Angela and Boneh, Dan and Singh, Jatinder Pal},
  booktitle={Proceedings of the 21st international conference on World Wide Web},
  pages={41--50},
  year={2012},
  organization={ACM}
}
@inproceedings{balasubramanian2009energy,
  title={Energy consumption in mobile phones: a measurement study and implications for network applications},
  author={Balasubramanian, Niranjan and Balasubramanian, Aruna and Venkataramani, Arun},
  booktitle={Proceedings of the 9th ACM SIGCOMM Conference on Internet Measurement},
  pages={280--293},
  year={2009},
  organization={ACM}
}
@inproceedings{pathak2011fine,
  title={Fine-grained power modeling for smartphones using system call tracing},
  author={Pathak, Abhinav and Hu, Y Charlie and Zhang, Ming and Bahl, Paramvir and Wang, Yi-Min},
  booktitle={Proceedings of the sixth conference on Computer systems},
  pages={153--168},
  year={2011},
  organization={ACM}
}
@inproceedings{li2014empirical,
  title={An empirical study of the energy consumption of android applications},
  author={Li, Ding and Hao, Shuai and Gui, Jiaping and Halfond, William GJ},
  booktitle={Software Maintenance and Evolution (ICSME), 2014 IEEE International Conference on},
  pages={121--130},
  year={2014},
  organization={IEEE}
}
@inproceedings{couto2014detecting,
  title={Detecting anomalous energy consumption in android applications},
  author={Couto, Marco and Car{\c{c}}{\~a}o, Tiago and Cunha, J{\'a}come and Fernandes, Jo{\~a}o Paulo and Saraiva, Joao},
  booktitle={Brazilian Symposium on Programming Languages},
  pages={77--91},
  year={2014},
  organization={Springer}
}
@inproceedings{hao2013estimating,
  title={Estimating mobile application energy consumption using program analysis},
  author={Hao, Shuai and Li, Ding and Halfond, William GJ and Govindan, Ramesh},
  booktitle={Proceedings of the 2013 International Conference on Software Engineering},
  pages={92--101},
  year={2013},
  organization={IEEE Press}
}
@misc{team2013r,
  title={R: A language and environment for statistical computing},
  author={Team, R Core and others},
  year={2013},
  publisher={Citeseer}
}
@article{team2015rstudio,
  title={RStudio: integrated development for R},
  author={Team, RStudio and others},
  journal={RStudio, Inc., Boston, MA URL http://www.rstudio.com},
  volume={42},
  year={2015}
}
@misc{ad7200,
    title={AC750 Wireless Dual Band Gigabit Router Archer C2},
    url={https://www.tp-link.com/au/products/details/cat-9_Archer-C2.html},
    journal={AD7200 | Talon AD7200 Multi-Band Wi-Fi Router | TP-Link},
    publisher={TP link}
}

@misc{Cook,
  title={Quasi-
experimentation: Design \& analysis issues for field settings},
  author={Thomas D Cook, Donald Thomas Campbell, and Arles Day},
  year={1979},
  publisher={Houghton Mifflin Boston}
}
@book{cook1979quasi,
  title={Quasi-experimentation: Design and analysis for field settings},
  author={Cook, Thomas D and Campbell, Donald Thomas},
  volume={3},
  year={1979},
  publisher={Rand McNally Chicago}
}
@article{doi:10.1093/biomet/52.3-4.591,
author = {SHAPIRO, S. S. and WILK, M. B.},
title = {An analysis of variance test for normality (complete samples)â€ },
journal = {Biometrika},
volume = {52},
number = {3-4},
pages = {591-611},
year = {1965},
doi = {10.1093/biomet/52.3-4.591},
URL = {http://dx.doi.org/10.1093/biomet/52.3-4.591},
eprint = {/oup/backfile/content_public/journal/biomet/52/3-4/10.1093/biomet/52.3-4.591/2/52-3-4-591.pdf}
}
@article{10.2307/3001968,
 ISSN = {00994987},
 URL = {http://www.jstor.org/stable/3001968},
 author = {Frank Wilcoxon},
 journal = {Biometrics Bulletin},
 number = {6},
 pages = {80--83},
 publisher = {[International Biometric Society, Wiley]},
 title = {Individual Comparisons by Ranking Methods},
 volume = {1},
 year = {1945}
}

@misc{Wilcoxon,
  title = {{Wilcoxon matched-pairs signed-ranks test}},
  howpublished = {\url{http://influentialpoints.com/Training/wilcoxon_matched_pairs_signed_rank_test-principles-properties-assumptions.htm}},
  note = {Accessed: 2018-10-28}
}